<collection xmlns="http://www.loc.gov/MARC21/slim">
<record>
  <leader>00686na 0a22001451i 450 </leader>
  <controlfield tag="001">IT\ICCU\CNCE\070017</controlfield>
  <controlfield tag="005">20081001000000.0</controlfield>
  <datafield tag="100" ind1=" " ind2=" ">
    <subfield code="a">20070322             0itac0103    ba</subfield>
  </datafield>
  <datafield tag="101" ind1=" " ind2=" ">
    <subfield code="a">LAT</subfield>
  </datafield>
  <datafield tag="200" ind1="1" ind2=" ">
    <subfield code="a">Tragoedia de passione Domini nostri Iesu Christi que Theoandrathanatos inscribitur</subfield>
  </datafield>
  <datafield tag="700" ind1=" " ind2="1">
    <subfield code="a">Quinziano Stoa,</subfield>
    <subfield code="b">Giovanni Francesco</subfield>
    <subfield code="3">IT\ICCU\CNCA\000051</subfield>
  </datafield>
  <datafield tag="790" ind1=" " ind2="1">
    <subfield code="a">Conti,</subfield>
    <subfield code="b">Giovanni Francesco</subfield>
    <subfield code="3">IT\ICCU\CNCA\013841</subfield>
    <subfield code="z">Quinziano Stoa, Giovanni Francesco</subfield>
  </datafield>
  <datafield tag="790" ind1=" " ind2="1">
    <subfield code="a">Stoa,</subfield>
    <subfield code="b">Giovanni Francesco Quinziano</subfield>
    <subfield code="3">IT\ICCU\CNCA\017309</subfield>
    <subfield code="z">Quinziano Stoa, Giovanni Francesco</subfield>
  </datafield>
  <datafield tag="790" ind1=" " ind2="1">
    <subfield code="a">Quintianus Stoa,</subfield>
    <subfield code="b">Ioannes Franciscus</subfield>
    <subfield code="3">IT\ICCU\CNCA\028956</subfield>
    <subfield code="z">Quinziano Stoa, Giovanni Francesco</subfield>
  </datafield>
  <datafield tag="801" ind1=" " ind2="3">
    <subfield code="a">IT</subfield>
    <subfield code="b">ICCU</subfield>
    <subfield code="c">20201115</subfield>
  </datafield>
</record>
</collection>
